<?xml version="1.0" encoding="UTF-8"?><collection xmlns="http://www.loc.gov/MARC21/slim"><record><leader>00317nam--2200121-i-4500</leader><controlfield tag="001">000026928</controlfield><controlfield tag="002">20161230</controlfield><controlfield tag="005">20161230201036</controlfield><controlfield tag="008">060222s1000------------r-----000-0-eng-d</controlfield><datafield ind1=" " ind2=" " tag="100"><subfield code="a">Kilner, E., Samuel, D.M</subfield></datafield><datafield ind1=" " ind2=" " tag="245"><subfield code="a">Applied organic chemistry</subfield></datafield><datafield ind1=" " ind2=" " tag="260"><subfield code="a">London, Macdonald And Evans Ltd., 1960. Xi+484p</subfield></datafield><datafield ind1=" " ind2=" " tag="852"><subfield code="a">16357</subfield></datafield></record></collection>